
@inproceedings{chaitin,
  author    = {G. J. Chaitin},
  title     = {Register Allocation and Spilling Via Graph Coloring},
  year      = {1982},
  address   = {New York, NY, USA},
  url       = {https://web.eecs.umich.edu/~mahlke/courses/583f12/reading/chaitin82.pdf}
}


@inproceedings{llvmGreedy,
    author = {Jakob Stoklund Olesen},
    title = {Greedy Register Allocation in LLVM 3.0},
    organization = {LLVM Project},
    year = {2011},
    month = {Sep},
    url = {https://blog.llvm.org/2011/09/greedy-register-allocation-in-llvm-30.html#:~:text=in%20order%20of%20decreasing%20spill,with%20any%20priority%20queue%20order}
}

@inproceedings{llvmAwesome,
    author = {learn-llvm},
    title = {awesome-llvm},
    url = {https://github.com/learn-llvm/awesome-llvm?utm_source=chatgpt.com}
}

@inproceedings{briggs,
    author = {Preston Briggs},
    title = {Register Allocation via Graph Colloring},
    year = {1992},
    month = {April},
    url = {https://www.cs.utexas.edu/~mckinley/380C/lecs/briggs-thesis-1992.pdf}
}

@inproceedings{irc,
    author = {George-Appel,LAL George, Andrew W. Appel},
    title = {Iterated Register Coalescing},
    organization = {Princeton University},
    year = {1996},
    month = {Jun},
    url = {https://dl.acm.org/doi/pdf/10.1145/229542.229546}
}

